@article{Waite:2004:SCV:1028174.971308,
	 author = {Waite, William M. and Jackson, Michele H. and Diwan, Amer and Leonardi, Paul M.},
	 title = {Student culture vs group work in computer science},
	 journal = {SIGCSE Bull.},
	 issue_date = {March 2004},
	 volume = {36},
	 number = {1},
	 month = mar,
	 year = {2004},
	 issn = {0097-8418},
	 pages = {12--16},
	 numpages = {5},
	 url = {http://doi.acm.org/10.1145/1028174.971308},
	 doi = {10.1145/1028174.971308},
	 acmid = {971308},
	 publisher = {ACM},
	 address = {New York, NY, USA},
	 keywords = {CS educational research, classroom management, communication skills, course pedagogy, curriculum issues},
}